
@article{b3,
	Author = {M. Gellert},
	Journal = {Annual Review of Biochemistry},
	Month = {April},
	Number = {4},
	Pages = {101-132},
	Title = {V(D)J recombination: RAG proteins, repair factors, and regulation},
	Volume = {71},
	Year = {2002}},

@article{b9,
author = {Davis, Mark M. and Boniface, J. Jay and Reich, Ziv and Lyons, Daniel and Hampl, Johannes and Arden, Bernhard and Chien, Yueh-hsiu},
title = {LIGAND RECOGNITION BY $\alpha\beta$ T CELL RECEPTORS},
journal = {Annual Review of Immunology},
volume = {16},
number = {1},
pages = {523-544},
year = {1998}},

@article{b6,
author = {Y. Ping and C. Liu and Y. Zhang},
title = {T-cell receptor-engineered T-cells for cancer treatment: current status and future direction},
journal = {Journal of Protein and Cell},
volume = {9},
pages = {254-266},
year = {2018}},

@article{b1,
author = {B. Vincent and A. Buntzman and B. Hopson and C. McEwen and L. Cowell and A. Akoglu and H. Zhang and J. Frelinger},
title = {iWAS-A novel approach to analyzing next generation sequence data for immunology},
journal = {Journal of Cellular Immunology},
Month = {January},
volume = {299},
pages = {6-13},
year = {2016}},

@article{b7,
author = {R. Welsh and J. Che and M. Brehm and L. Selin},
title = {Heterologous immunity between viruses},
journal = {Journal of Immunological Reviews},
pages = {244--66},
year = {2010}},

@article{b8,
author = {G. Du and CY. Chen and Y. Shen and L. Qiu and D. Huang and R. Wang and ZW. Chen},
title = {TCR repertoire, clonal dominance, and pulmonary trafficking of mycobacterium-specific CD4+ and CD8+ T effector cells in immunity against tuberculosis},
journal = {Journal of Immunology},
pages = {3940--3947},
year = {2010}},


@article{b4,
author = {D. Schatz and Y. Ji},
title = {Recombination centers and the orchestration of V(D)J recombination},
journal = {Nature Reviews Immunology},
volume = {11},
number = {4},
pages = {251--263},
year = {2011}},

@article{b5,
author = { J. Mansilla-Soto and P. Cortes},
title = {V(D)J recombination: artemis and its in vivo role in hairpin opening},
journal = {Journal of Experimental Medicine},
volume = {197},
number = {5},
pages = {543--547},
year = {2003}},

@article{b2,
author = { G. Striemer and H. Krovi and A. Akoglu and  B. Vincent and B. Hopson and J. Frelinger and A. Buntzman},
title = {Overcoming the limitations posed by TCR$\beta$ repertoire modeling through a GPU-Based in-silico DNA recombination algorithm},
journal = {in IEEE Proceeding 28th Int. Parallel and Distributed Processing Symp},
Month = {May},
pages = { 231--240},
year = {2014}},


@article{b13,
author = { NVIDIA},
title = { NVIDIA CUDA C programming guide},
url = {https://docs.nvidia.com/cuda/cuda-c-programming-guide/},
year = {2018}},

@article{b14,
author = {M. Davis and P. Bjorkman},
title = {T-Cell Antigen Receptor Genes and T-Cell Recognition},
journal = {Nature}, 
volume = {334},
pages = { 395-402},
year = {1988}},

@article{b10,
author = {  A. Zapata and C.T. Amemiya},
title = {Phylogeny of lower vertebrates and their immunological structures},
journal = {Current Topics in Microbiology and Immunology},
volume = {248},
pages = {  67-107},
year = {2000}},


@article{b11,
author = {M.R. Lieber},
title = {Site-specific recombination in the immune system},
journal = {Journal of the Federation of American Societies for Experimental Biology}, 
volume = {5},
pages = {2934-2944},
year = {1991}},


@article{b15,
author = {M. Pedemonte and E. Alba and F. Luna},
title = { Bitwise operations for GPU implementation of genetic algorithms},
journal = {in Proceeding Genetics and Evolutionary Computation},
pages = { 439-446},
year = {2011}},


@article{b12,
author = { NVIDIA},
title = { TESLA P100 PCIe gpu accelerator},
url = {http://images.nvidia.com/content/pdf/tesla/NV-tesla-p100-pcie-PB-08248-001-v01.pdf/},
year = {2016}}


@article{b16,
author = { H. Li and  C. Ye  and  G. Ji and J. Han},
title = {Determinants of public T cell responses},
journal = {Cell Research},
volume = {22},
number = {1},
pages = {33-42},
year = {2012}},
